@Book{            agresti02,
  author        = {Alan Agresti},
  title         = {Categorical Data Analysis},
   year         = {2002},
   publisher    = {John Wiley and Sons},
   address      = {New York}, 
   edition      = {2nd}  
}

@Book{            Fahrmeir2001,
  author        = {Ludwig Fahrmeir and Gerhard Tutz},
  title         = {Multivariate Statistical Modelling Based on Generalized Linear Models},
   year         = {2002},
   publisher    = {Springer},
   address      = {New York}, 
   edition      = {2nd}  
}

@Manual{          multcomp,
    title       = {\pkg{multcomp}: Simultaneous Inference in General Parametric Models},
    author      = {Torsten Hothorn and Frank Bretz and Peter Westfall},
    year        = {2008},
    note        = {\proglang{R}~package version~1.0-2},
    url         = {http://CRAN.R-project.org/package=multcomp}  
}

@Article{         Hothorn2008b,
  author        = {Torsten Hothorn and Frank Bretz and Peter Westfall},
  title         = {Simultaneous Inference in General Parametric Models},
  journal       = {Biometrical Journal},
  year          = 2008,
  volume        = 50,  
  number        = 3,   
  pages         = {346--363}
}

@Article{         Parish,
  author        = {W. L. Parish and E. O. Laumann},
  title         = {Chinese Health and Family Life Survey},
  note          = {Accecibilty verified on May 18, 2009},
  url           = {http://www.spc.uchicago.edu/prc/chfls.php}  
}

@Article{         Pollet2009,
  author        = {Thomas V. Pollet and Daniel Nettle},
  title         = {Partner Wealth Predicts Self-Reported Orgasm Frequency in a Sample of Chinese Women},
  journal       = {Evolution and Human Behavior},
  year          = 2009,
  volume        = 30,  
  pages         = {146--151}
}

@Manual{	  rcore2008,
  title		= {\textsf{R}: A Language and Environment for Statistical
		  Computing},
  author	= {{R Development Core Team}},
  organization	= {R Foundation for Statistical Computing},
  address	= {Vienna, Austria},
  year		= 2008,
  note		= {{ISBN} 3-900051-07-0},
  url		= {http://www.R-project.org}
}

@Book{Tutz,
  author        = {Gerhard Tutz},
  title         = {Die Analyse kategorialer Daten},
   year         = {2000},
   publisher    = {Oldenbourg},
   address      = {Munich},  
}




