
@book{Searle1971,
    title = {Linear Models},
    author = {Shayle R. Searle},
    year = 1971,
    publisher = {John Wiley \& Sons},
    address = {New York}
}

@article{Genz1992,
   author    = {Alan Genz},
   title     = {Numerical computation of multivariate normal probabilities},
   journal   = {Journal of Computational and Graphical Statistics},
   pages     = {141-149},
   year      = {1992},   
   volume    = {1}
}

 
@article{GenzBretz1999,
   author    = {Alan Genz and Frank Bretz},
   title     = {Numerical computation of multivariate $t$-probabilities with
       application to power calculation of multiple contrasts},
   journal   = {Journal of Statistical Computation and Simulation},  
   pages     = {361-378},
   year      = {1999},
   volume    = {63}
}

@article{GenzBretz2002,
    author = {Alan Genz and Frank Bretz},
    title = {Comparison of Methods for the Computation of Multivariate $t$ Probabilities},
    journal = {Journal of Computational and Graphical Statistics}, 
    volume = 11,
    number = 4,
    year = 2002,
    pages = {950-971}
}

@article{Dunnett1955,
    title = {A Multiple Comparison Procedure for Comparing Several Treatments with a Control},
    author = {Charles W. Dunnett},
    journal = {Journal of the American Statistical Association}, 
    volume = 50,
    number = 272,
    year = 1955,
    pages = {1096--1121}
}

@article{Shaffer1986,
    author = {Juliet P. Shaffer},
    title = {Modified sequentially rejective
     multiple test procedures},
    year = 1986,
    journal = {Journal of the American Statistical
     Association},
    volume = {81},
    pages = {826--831}
}

@article{Westfall1997,
    author = {Peter H. Westfall},
    title = {Multiple testing of general contrasts
     using logical constraints and correlations},
    year = 1997,
    journal = {Journal of the American Statistical Association},
    volume = 92, 
    pages = {299--306}
}

@book{Westfall1999,
    author = {Peter H. Westfall and Randall D. Tobias and Dror Rom and Russell D. Wolfinger and Yosef Hochberg},
    title = {Multiple Comparisons and Multiple Tests Using the {SAS} System},
    publisher = {SAS Insitute},
    address = {Cary, NC},
    year = 1999
}
