
@book{Serfling1980,
  author = {Robert J. Serfling},
  title = {Approximation Theorems of Mathematical Statistics},
  year = 1980,
  publisher = {John Wiley \& Sons},
  address = {New York}
}

@book{RousseeuwLeroy2003,
  author = {Peter J. Rousseeuw and Annick M. Leroy},
  year = 2003,
  title = {Robust Regression and Outlier Detection},
  publisher = {John Wiley \& Sons},
  address = {New York},
  edition = {2nd}
}


@Article{mfluc:Stefanski+Boos:2002,
  author        = {Leonard A. Stefanski and Dennis D. Boos},
  title         = {The Calculus of {M}-Estimation},
  journal       = {The American Statistician},
  volume        = {56},  
  year          = {2002},
  pages         = {29--38},  
}

@Book{mfluc:White:1994,
  author        = {Halbert White},
  title         = {Estimation, Inference and Specification Analysis},
  publisher     = {Cambridge University Press},
  year          = {1994},
}

@Article{mfluc:Bera+Bilias:2002,
  author        = {Anil K. Bera and Yannis Bilias},
  title         = {The {MM}, {ME}, {ML}, {EL}, {EF} and {GMM} Approaches to
                  Estimation: {A} Synthesis},
  year          = {2002},
  pages         = {51--86},
  journal       = {Journal of Econometrics},
  volume        = {107},
}


@book{Lehmann1999,
   author = {Erich Lehmann},
   year = 1999,
   title = {Elements of Large-Sample Theory},
   publisher = {Springer},
   address = {New York}
}


@book{HochbergTamhane1987,
   author = {Yosef Hochberg and Ajit C. T{\'i}tulo Tamhane},
   title = {Multiple Comparison Procedures},
   year = 1987,
   publisher = {John Wiley \& Sons},
   address = {New York},
}

@book{Hsu1996,
   author = {Jason C. Hsu},
   title = {Multiple Comparisons: Theory and Methods},
   year = 1996,
   publisher = {CRC Press, Chapman \& Hall},
   address = {London},
}


@article{GenzBretz1999,
   key       = {135},  
   author    = {Alan Genz and Frank Bretz},
   title     = {Numerical computation of multivariate $t$-probabilities with
       application to power calculation of multiple contrasts},
   journal   = {Journal of Statistical Computation and Simulation},  
   pages     = {361-378},
   year      = {1999},
   volume    = {63}
}


@article{BretzGenzHothorn2001,
   key       = {317},  
   author    = {Frank Bretz and Alan Genz and Ludwig A. Hothorn},
   title     = {On the numerical availability of multiple comparison procedures},
   journal   = {Biometrical Journal},
   pages     = {645-656},
   year      = {2001},   
   volume    = {43},  
   number    = {5} 
}

@article{Genz1992,
   author    = {Alan Genz},
   title     = {Numerical Computation of Multivariate Normal Probabilities},
   journal   = {Journal of Computational and Graphical Statistics},
   pages     = {141-149},
   year      = {1992},
   volume    = {1}
}

@article{GenzBretz2002,
    author = {Alan Genz and Frank Bretz},
    year = 2002,
    title = {Methods for the Computation of Multivariate
             $t$-Probabilities},
    journal = {Journal of Computational and Graphical Statistics},
    volume = 11,
    pages = {950--971}
}




@book{Searle1971,
    author = {Shayle R. Searle},
    year = 1971,
    title ={Linear Models},
    publisher = {John Wiley \& Sons},
    address = {New York}
}

@article{Shaffer1986,
    author = {Juliet P. Shaffer},
    year = 1986,
    title = {Modified Sequentially Rejective Multiple Test Procedures},
    journal = {Journal of the American Statistical Association},
    volume = 81,
    pages = {826--831}
}

@Article{Rnews:Bates:2005,
  author       = {Douglas Bates},
  title        = {Fitting Linear Mixed Models in {R}},
  journal      = {R News},
  year         = 2005,
  volume       = 5,
  number       = 1,
  pages        = {27--30},
  month        = {May},
  url          = {http://CRAN.R-project.org/doc/Rnews/},
  pdf          = Rnews2005-1
}

@ARTICLE{Zeileis2004,
  author = {Achim Zeileis},
  title = {Econometric Computing with {HC} and {HAC} Covariance Matrix Estimators},
  year = {2004},
  journal = {Journal of Statistical Software},
  volume = {11},
  number = {10},
  pages = {1--17},
  url = {http://www.jstatsoft.org/v11/i10/}
}


@ARTICLE{Zeileis2006,
  author = {Achim Zeileis},
  title = {Object-oriented Computation of Sandwich Estimators},
  year = {2006},
  journal = {Journal of Statistical Software},
  volume = {16},
  number = {9},
  pages = {1--16},
  url = {http://www.jstatsoft.org/v16/i09/}
}
@article{Yohai1987,
    author = {Victor J. Yohai},
    year = 1987,
    title = {High breakdown-point and high efficiency
     estimates for regression},
    journal = {The Annals of Statistics},
    volume = 15,
    pages = {642--65}
}

@Article{Hothorn:2006:AmStat,
  key = {575},
  author        = {Torsten Hothorn and Kurt Hornik and
                   Mark A. van de Wiel and Achim Zeileis},
  title         = {A {L}ego System for Conditional Inference},
  journal       = {The American Statistician}, 
  year          = {2006},
  volume        = {60},
  number         = {3},
  pages         = {257--263},
}
 


@Article{         salibhillier1997,
  key           = {552},
  author        = {Emad Salib and Valerie Hillier},
  title         = {A Case-Control Study of Smoking and {A}lzheimer's Disease},
  journal       = {International Journal of Geriatric Psychiatry},
  year          = 1997,
  volume        = 12,
  pages         = {295-300}
}

@Article{         boenscheta2005,
  key           = {530},
  author = {Domenikus B{\"o}nsch and Thomas Lederer and Udo Reulbach and Torsten Hothorn and Johannes Kornhuber and Stefan Bleich},
  title         = {Joint Analysis of the {NACP-REP1} Marker Within the Alpha
                  Synuclein Gene Concludes Association with Alcohol
                  Dependence},
  journal       = {Human Molecular Genetics},
  year          = 2005,
  volume        = 14,
  number        = 7,
  pages         = {967-971}
}

@Manual{          rcore2007,
  title         = {\textsf{R}: A Language and Environment for Statistical
                  Computing},
  author        = {{R Development Core Team}},
  organization  = {R Foundation for Statistical Computing},
  address       = {Vienna, Austria},
  year          = 2007,
  note          = {{ISBN} 3-900051-00-3},
  url           = {http://www.R-project.org}
}

@Article{         garcia2005,
  author = {Ada L. Garcia and Karen Wagner and Torsten Hothorn and Corinna Koebnick and Hans-Joachim F. Zunft and Ulrike Trippo},
  title         = {Improved prediction of body fat by measuring skinfold
                  thickness, circumferences, and bone breadths},
  journal       = {Obesity Research},
  year          = 2005,
  volume        = 13,
  number        = 3,
  pages         = {626--634}
}

@article{Bullingeretal2004, 
     key = {490}, 
     author = {Lars Bullinger and Konstanze D{\"o}hner and Eric Bair and
               Stefan Fr{\"o}hlich and Richard F. Schlenk and Robert Tibshirani and Hartmut
               D{\"o}hner and Jonathan R. Pollack},
     title = {Use of Gene-Expression Profiling to Identify Prognostic
              Subclasses in Adult Acute Myloid Leukemia},
     journal = {New England Journal of Medicine},
     year = {2004}, 
     volume = {350}, 
     number = {16}, 
     pages = {1605-1616} 
 } 


@Manual{pkg:robustbase,
    title = {robustbase: {B}asic Robust Statistics},
    author = {Valentin Todorov and Andreas Ruckstuhl and 
              Matias Salibian-Barrera and Martin Maechler and {others}},
    year = {2007},
    note = {R package version 0.2-8},
    url  = {http://CRAN.R-project.org},
}

@Manual{pkg:multcomp,
    title = {multcomp: {S}imultaneous Inference for General Linear Hypotheses},
    author = {Torsten Hothorn and Frank Bretz and Peter Westfall and Richard M. Heiberger},
    year = {2008},
    note = {R package version 0.993-1},
    url = {http://CRAN.R-project.org}
}

@Manual{pkg:lme4,
    title = {lme4: {L}inear mixed-effects models using {S4} classes},
    author = {Douglas Bates},
    year = {2007},
    note = {R package version 0.99875-9},
    url = {http://CRAN.R-project.org}
}

@Manual{pkg:mvtnorm,
    title = {mvtnorm: {M}ultivariate Normal and $t$ Distribution},
    author = {Alan Genz and Frank Bretz and Torsten Hothorn},
    year = {2007},
    note = {R package version 0.8-1},
    url = {http://CRAN.R-project.org}
}

@Article{Rnews:Hothorn+Bretz+Genz:2001,
  author       = {Torsten Hothorn and Frank Bretz and Alan Genz},
  title        = {On Multivariate $t$ and {Gau{\ss}} Probabilities in {R}},
  journal      = {R News},
  year         = 2001,  
  volume       = 1, 
  number       = 2,
  pages        = {27--29},
  month        = {June},   
  ISSN         = {1609--3631}, 
  url          = {http://CRAN.R-project.org/doc/Rnews/},
}

@book{Westfall1999,
    author = {Peter H. Westfall and Randall D. Tobias and Dror Rom and Russell D. Wolfinger and Yosef Hochberg},
    year = 1999,
    title = {Multiple Comparisons and Multiple Tests Using the {SAS} System},
    publisher = {SAS Institute Inc.},
    address = {Cary, NC}
}

@inproceedings{Bretzetal2008,
   author = {Frank Bretz and Torsten Hothorn and Peter Westfall},
   year = 2008,
   title = {Multiple Comparison Procedures in Linear Models},
   booktitle = {International Conference on Computational Statistics},
   note = {submitted}
}

@article{Marcusetal1976,
   author = {Ruth Marcus and Peritz Eric and K. Ruben Gabriel},
   title = {On Closed Testing Procedures with Special Reference to 
            Ordered Analysis of Variance},
   year = 1976,
   journal = {Biometrika},
   volume = 63,
   pages = {655--660}
}

@article{Westfall1997,
   key       = {318},
   author    = {Peter H. Westfall},
   title     = {Multiple Testing of General Contrasts using Logical Constraints
       and Correlations},
   journal   = {Journal of the American Statistical Association},
   pages     = {299-306},
   year      = {1997},
   volume    = {92},
   number    = {437}
}

@article{WestfallTobias2007,
   author = {Peter H. Westfall and Randall D. Tobias},
   title = {Multiple Testing of General Contrasts: {T}runcated Closure and 
            the Extended {S}haffer-{R}oyen Methods},
   year = 2007,
   journal = {Journal of the American Statistical Association},
   volume = 102,
   pages = {487--494}
}

@book{Tong1990,
  author = {Yung Liang Tong},
  title = {The Multivariate Normal Distribution},
  year = 1990,
  publisher = {Springer-Verlag},
  address = {New York, Berlin}
}
