
@article{westfall:1997,
   author    = {P. Westfall},
   title     = {Multiple testing of general contrasts using logical
constraints and correlations},
   journal   = {Journal of the American Statistical Association},
   year      = {1997},
   volume    = {92},
   pages     = {299-306}
}

@article{hothornetal:2001,
   author    = {T. Hothorn and F. Bretz and A. Genz},
   title     = {On multivariate $t$ and {G}auss probabilities in
\textsf{R}},
   journal   = {R News},
   year      = {2001},
   volume    = {1},
   number    = {2},
   pages     = {27-29}
}




@book{HochbergTamhane:1987,
   author    = {Y. Hochberg and A. Tamhane},
   title     = {Multiple comparison procedures},
   year      = {1987},
   publisher = {Wiley},
   address   = {New York}
}

@article{Marcusetal:1976,
   author    = {R. Marcus and E. Peritz and K.B. Gabriel},
   title     = {On closed testing
procedures with special reference to ordered analysis of variance},
   journal   = {Biometrika},
   year      = {1976},
   volume    = {63},
   pages     = {655-660}
}

@book{multiple-c:1999,
   key       = {343},
   author    = {P. H. Westfall and R. D. Tobias and D. Rom and R. D.
Wolfinger and
        Y. Hochberg},
   title     = {Multiple Comparisons and Multiple Tests Using the SAS
System},
   year      = {1999},
   publisher = {SAS Institute Inc.},
   address   = {Cary, NC}
}
